<?xml version="1.0" encoding="UTF-8"?><collection xmlns="http://www.loc.gov/MARC21/slim"><record><leader>00528nam--2200145-i-4500</leader><controlfield tag="001">000018268</controlfield><controlfield tag="002">20161230</controlfield><controlfield tag="005">20161230201032</controlfield><controlfield tag="008">060222s1000------------r-----000-0-eng-d</controlfield><datafield ind1=" " ind2=" " tag="100"><subfield code="a">Forsythe, G.E., Rosenbloom P.C</subfield></datafield><datafield ind1=" " ind2=" " tag="245"><subfield code="a">Numerical analysis and partial differential equations. contemporary state of numerical analysis. linear partial differential equations</subfield></datafield><datafield ind1=" " ind2=" " tag="260"><subfield code="a">New York, John Wiley &amp; Sons, Inc., 1958. X + 204 P</subfield></datafield><datafield ind1=" " ind2=" " tag="490"><subfield code="a">Survey In Applied Mathematics</subfield><subfield code="v">vol. V</subfield></datafield><datafield ind1=" " ind2=" " tag="852"><subfield code="a">14537</subfield></datafield><datafield ind1=" " ind2=" " tag="CAT"><subfield code="a">Sys</subfield><subfield code="c">20080402</subfield><subfield code="h">132210</subfield></datafield></record></collection>